@article{DBLP:journals/expert/Swartz02,
  author    = {Aaron Swartz},
  title     = {MusicBrainz: A Semantic Web Service},
  journal   = {IEEE Intelligent Systems},
  volume    = {17},
  number    = {1},
  year      = {2002},
  pages     = {76-77},
  ee        = {http://doi.ieeecomputersociety.org/10.1109/5254.988466},
  bibsource = {DBLP, http://dblp.uni-trier.de}
}
